@misc{DataArtisans2017,
    title = {{What is Stream Processing?}},
    year = {2017},
    author = {{dataArtisans}},
    url = {https://data-artisans.com/what-is-stream-processing}
}

@article{Oriwoh2015ThingsDefinition,
    title = {{'Things' in the Internet of Things: Towards a Definition}},
    year = {2015},
    journal = {International Journal of Internet of Things},
    author = {Oriwoh, Edewede and Conrad, Marc},
    isbn = {9781509019410},
    doi = {10.5923/j.ijit.20150401.01},
    issn = {09758887},
    pmid = {25246403},
    arxivId = {arXiv:1011.1669v3},
    keywords = {Definition, Internet of Things, Things}
}

@misc{Columbus20172017Forecasts,
    title = {{2017 Roundup Of Internet Of Things Forecasts}},
    year = {2017},
    booktitle = {Forbes Magazine},
    author = {Columbus, Louis},
    month = {12},
    url = {https://www.forbes.com/sites/louiscolumbus/2017/12/10/2017-roundup-of-internet-of-things-forecasts/#5d84cd321480}
}

@incollection{Waher2015AThings,
    title = {{A definition for Internet of Things}},
    year = {2015},
    booktitle = {Learning Internet of Things},
    author = {Waher, Peter},
    isbn = {1783553545}
}

@article{Okoli2010AResearch,
    title = {{A Guide to Conducting a Systematic Literature Review of Information Systems Research}},
    year = {2010},
    journal = {SSRN Electronic Journal},
    author = {Okoli, Chitu and Schabram, Kira},
    url = {http://www.ssrn.com/abstract=1954824},
    doi = {10.2139/ssrn.1954824},
    issn = {1556-5068}
}

@article{Nastic2017AComputing,
    title = {{A serverless real-time data analytics platform for edge computing}},
    year = {2017},
    journal = {IEEE Internet Computing},
    author = {Nastic, Stefan and Rausch, Thomas and Scekic, Ognjen and Dustdar, Schahram and Gusev, Marjan and Koteska, Bojana and Kostoska, Magdalena and Jakimovski, Boro and Ristov, Sasko and Prodan, Radu},
    number = {4},
    pages = {64--71},
    volume = {21},
    doi = {10.1109/MIC.2017.2911430}
}

@misc{Johnston2017AServerless,
    title = {{A simple definition of “Serverless”}},
    year = {2017},
    booktitle = {Medium},
    author = {Johnston, Paul},
    url = {https://medium.com/@PaulDJohnston/a-simple-definition-of-serverless-8492adfb175a}
}

@article{Stephens1997AProcessing,
    title = {{A survey of stream processing}},
    year = {1997},
    journal = {Acta Informatica},
    author = {Stephens, Robert},
    number = {7},
    pages = {491--541},
    volume = {34},
    url = {http://link.springer.com/10.1007/s002360050095},
    doi = {10.1007/s002360050095},
    issn = {0001-5903}
}

@article{Stephens1997AProcessingb,
    title = {{A survey of stream processing}},
    year = {1997},
    journal = {Acta Informatica},
    author = {Stephens, Robert},
    number = {7},
    pages = {491--541},
    volume = {34},
    url = {http://link.springer.com/10.1007/s002360050095},
    doi = {10.1007/s002360050095},
    issn = {0001-5903}
}

@incollection{Floyd1984APrototyping,
    title = {{A Systematic Look at Prototyping}},
    year = {1984},
    booktitle = {Approaches to Prototyping},
    author = {Floyd, Christiane},
    pages = {1--18},
    publisher = {Springer Berlin Heidelberg},
    url = {http://www.springerlink.com/index/10.1007/978-3-642-69796-8_1},
    address = {Berlin, Heidelberg},
    doi = {10.1007/978-3-642-69796-8{\_}1}
}

@misc{Likert1932AAttitudes,
    title = {{A technique for the measurement of attitudes}},
    year = {1932},
    booktitle = {Archives of Psychology},
    author = {Likert, R.},
    isbn = {1111111111},
    doi = {2731047},
    issn = {0006-8993},
    pmid = {2731047},
    arxivId = {2731047}
}

@phdthesis{Davis1986AResults,
    title = {{A technology acceptance model for empirically testing new end-user information systems: Theory and results}},
    year = {1986},
    booktitle = {Management},
    author = {Davis, F D},
    isbn = {1549-3636},
    doi = {oclc/56932490},
    issn = {0025-1909},
    pmid = {14637127}
}

@article{Davis1985AResults,
    title = {{A technology acceptance model for empirically testing new end-user information systems: Theory and results}},
    year = {1985},
    journal = {Management},
    author = {Davis, F D},
    isbn = {1549-3636},
    doi = {oclc/56932490},
    issn = {0025-1909},
    pmid = {14637127},
    arxivId = {arXiv:1011.1669v3}
}

@article{Zigurs1998AEffectiveness,
    title = {{A Theory of Task/Technology Fit and Group Support Systems Effectiveness}},
    year = {1998},
    journal = {MIS Quarterly},
    author = {Zigurs, Ilze and Buckland, Bonnie K.},
    number = {3},
    month = {9},
    pages = {313},
    volume = {22},
    url = {http://www.jstor.org/stable/249668?origin=crossref},
    doi = {10.2307/249668},
    issn = {02767783}
}

@article{Costello2015AcquiescenceEducation,
    title = {{Acquiescence Response Bias - Yeasaying and Higher Education}},
    year = {2015},
    journal = {Australian Educational and Developmental Psychologist},
    author = {Costello, Shane and Roodenburg, John},
    doi = {10.1017/edp.2015.11},
    keywords = {Big Five inventory, acquiescence, education, measurement error, response bias}
}

@article{Liang2007AdoptionModel,
    title = {{Adoption of mobile technology in business: a fit‐viability model}},
    year = {2007},
    journal = {Industrial Management {\&} Data Systems},
    author = {Liang, Ting‐Peng and Huang, Chen‐Wei and Yeh, Yi‐Hsuan and Lin, Binshan},
    number = {8},
    month = {10},
    pages = {1154--1169},
    volume = {107},
    url = {http://www.emeraldinsight.com/doi/10.1108/02635570710822796},
    doi = {10.1108/02635570710822796},
    issn = {0263-5577}
}

@misc{AmazonFAQs,
    title = {{Amazon Kinesis Data Streams – FAQs}},
    url = {https://aws.amazon.com/kinesis/data-streams/faqs/}
}

@unpublished{Nelson2018AnPlatform-As-A-Service,
    title = {{An I{\&}amp;O Pro's Guide To Platform-As-A-Service}},
    year = {2018},
    author = {Nelson, Lauren E. and Bartoletti, Dave and Rymer, John R.},
    url = {https://www.forrester.com/report/An+IO+Pros+Guide+To+PlatformAsAService/-/E-RES138671}
}

@article{Boettiger2015AnResearch,
    title = {{An introduction to Docker for reproducible research}},
    year = {2015},
    journal = {ACM SIGOPS Operating Systems Review},
    author = {Boettiger, Carl},
    isbn = {0163-5980},
    doi = {10.1145/2723872.2723882},
    issn = {01635980},
    arxivId = {1410.0846}
}

@article{Hoang2017AnalysisEnablement,
    title = {{Analysis of Micro Services and Serverless Architecture for Mobile Application Enablement}},
    year = {2017},
    journal = {Thesis},
    author = {Hoang, Andrew},
    number = {May},
    url = {http://scholarworks.csun.edu/handle/10211.3/193100},
    keywords = {Academic -- CSUN -- Computer Science., Amazon Web Services Lambda, Dissertations, architecture, microservices, serverless, software engineering}
}

@article{DambraApplicationAcademics,
    title = {{Application of the task-technology fit model to structure and evaluate the adoption of e-books by academics}},
    author = {D 'ambra, John and Wilson, Concepcion S and Akter, Shahriar},
    url = {http://ro.uow.edu.au/cgi/viewcontent.cgi?article=4249&context=commpapers},
    keywords = {era2015}
}

@article{ODonnel2007AustralianCommerce,
    title = {{Australian Case Studies in Mobile Commerce}},
    year = {2007},
    journal = {Journal of Theoretical and Applied Electronic Commerce Research},
    author = {O'Donnel, J. and Jackson, M. and Shelly, M. and Ligertwood, J.},
    number = {2},
    pages = {1--18},
    volume = {2},
    url = {https://www.researchgate.net/publication/220233374_Australian_Case_Studies_in_Mobile_Commerce}
}

@misc{AWSPricing,
    title = {{AWS Lambda – Pricing}},
    url = {https://aws.amazon.com/lambda/pricing/}
}

@misc{Lindblom2014AWSBlog,
    title = {{AWS re:Invent 2014 | AWS Developer Blog}},
    year = {2014},
    author = {Lindblom, Jeremy},
    url = {https://aws.amazon.com/blogs/developer/aws-reinvent-2014/}
}

@inproceedings{Kleiminger2011BalancingCloud,
    title = {{Balancing load in stream processing with the cloud}},
    year = {2011},
    booktitle = {Proceedings - International Conference on Data Engineering},
    author = {Kleiminger, Wilhelm and Kalyvianaki, Evangelia and Pietzuch, Peter},
    pages = {16--21},
    isbn = {9781424491940},
    doi = {10.1109/ICDEW.2011.5767653},
    issn = {10844627}
}

@inproceedings{Kleiminger2011BalancingCloudb,
    title = {{Balancing load in stream processing with the cloud}},
    year = {2011},
    booktitle = {Proceedings - International Conference on Data Engineering},
    author = {Kleiminger, Wilhelm and Kalyvianaki, Evangelia and Pietzuch, Peter},
    pages = {16--21},
    isbn = {9781424491940},
    doi = {10.1109/ICDEW.2011.5767653},
    issn = {10844627}
}

@incollection{Shukla2017BenchmarkingApplications,
    title = {{Benchmarking Distributed Stream Processing Platforms for IoT Applications}},
    year = {2017},
    author = {Shukla, Anshu and Simmhan, Yogesh},
    month = {9},
    pages = {90--106},
    publisher = {Springer, Cham},
    url = {http://link.springer.com/10.1007/978-3-319-54334-5_7},
    doi = {10.1007/978-3-319-54334-5{\_}7}
}

@article{Mathieson1998BeyondFit,
    title = {{Beyond the interface: Ease of use and task/technology fit}},
    year = {1998},
    journal = {Information {\&} Management},
    author = {Mathieson, Kieran and Keil, Mark},
    number = {4},
    month = {11},
    pages = {221--230},
    volume = {34},
    url = {http://linkinghub.elsevier.com/retrieve/pii/S0378720698000585},
    doi = {10.1016/S0378-7206(98)00058-5},
    issn = {03787206}
}

@book{Bessis2014BigEnvironments,
    title = {{Big Data and Internet of Things: A Roadmap for Smart Environments}},
    year = {2014},
    author = {Bessis, Nik and Dobre, Ciprian},
    editor = {Bessis, Nik and Dobre, Ciprian},
    series = {Studies in Computational Intelligence},
    volume = {546},
    publisher = {Springer International Publishing},
    url = {http://link.springer.com/10.1007/978-3-319-05029-4},
    address = {Cham},
    isbn = {978-3-319-05028-7},
    doi = {10.1007/978-3-319-05029-4}
}

@article{McKinseyCompany2011BigProductivity,
    title = {{Big data: The next frontier for innovation, competition, and productivity}},
    year = {2011},
    journal = {McKinsey Global Institute},
    author = {{McKinsey {\&} Company}},
    isbn = {0983179697, 978-0983179696},
    doi = {10.1080/01443610903114527},
    issn = {14712970},
    pmid = {19757261},
    arxivId = {arXiv:1011.1669v3},
    keywords = {Big data, competition, innovation}
}

@article{Burns2016BorgKubernetes,
    title = {{Borg, Omega, and Kubernetes}},
    year = {2016},
    journal = {Queue},
    author = {Burns, Brendan and Grant, Brian and Oppenheimer, David and Brewer, Eric and Wilkes, John},
    number = {1},
    month = {1},
    pages = {70--93},
    volume = {14},
    url = {http://dl.acm.org/citation.cfm?doid=2898442.2898444},
    doi = {10.1145/2898442.2898444},
    issn = {15427730}
}

@misc{CaseServices,
    title = {{Case Studies {\&}amp; Customer Success - Amazon Web Services}},
    url = {https://aws.amazon.com/solutions/case-studies/all/}
}

@article{Soto2016CemlIoT,
    title = {{Ceml - Mixing and moving complex event processing and machine learning to the edge of the network for IoT}},
    year = {2016},
    journal = {Proceedings of the 6th International Conference on the Internet of Things - IoT'16},
    author = {Soto, José Angel Carvajal and Jentsch, Marc and Preuveneers, Davy and Ilie-Zudor, Elisabeth},
    isbn = {9781450348140},
    doi = {10.1145/2991561.2991575}
}

@incollection{Schumacker2013CentralDispersion,
    title = {{Central Tendency and Dispersion}},
    year = {2013},
    booktitle = {Statistics of Earth Science data},
    author = {Schumacker, Randall and Tomek, Sara},
    doi = {10.1007/978-1-4614-6227-9},
    pmid = {25246403},
    arxivId = {arXiv:1011.1669v3}
}

@article{Azoff2016ChangesDevOps,
    title = {{Changes within and driven by DevOps}},
    year = {2016},
    author = {Azoff, Michael},
    url = {https://ibm.northernlight.com/document.php?docid=IA20160624790000035\&datasource=IBM\&trans=view\&caller=resultslist}
}

@article{BarnaghiCityPulse:Applications,
    title = {{CityPulse: Real-Time IoT Stream Processing and Large-scale Data Analytics for Smart City Applications}},
    author = {Barnaghi, Payam and T{\"{o}}njes, Ralf and H{\"{o}}ller, Jan and Hauswirth, Manfred and Sheth, Amit and Anantharam, Pramod},
    url = {https://2014.eswc-conferences.org/sites/default/files/eswc2014euprojects_submission_17.pdf}
}

@article{Zave1997ClassificationEngineering,
    title = {{Classification of research efforts in requirements engineering}},
    year = {1997},
    journal = {ACM Computing Surveys},
    author = {Zave, Pamela},
    isbn = {0-8186-7017-7},
    doi = {10.1145/267580.267581},
    issn = {03600300}
}

@inproceedings{Heinze2014Cloud-basedProcessing,
    title = {{Cloud-based data stream processing}},
    year = {2014},
    booktitle = {Proceedings of the 8th ACM International Conference on Distributed Event-Based Systems - DEBS '14},
    author = {Heinze, Thomas and Aniello, Leonardo and Querzoni, Leonardo and Jerzak, Zbigniew},
    isbn = {9781450327374},
    doi = {10.1145/2611286.2611309}
}

@book{Fink2015ConductingPaper,
    title = {{Conducting research literature reviews : from the internet to paper}},
    year = {2015},
    author = {Fink, Arlene},
    pages = {257},
    url = {https://uk.sagepub.com/en-gb/eur/conducting-research-literature-reviews/book239509},
    isbn = {9781452259499}
}

@article{Soltesz2007Container-basedVirtualization,
    title = {{Container-based operating system virtualization}},
    year = {2007},
    journal = {ACM SIGOPS Operating Systems Review},
    author = {Soltesz, Stephen and P{\"{o}}tzl, Herbert and Fiuczynski, Marc E. and Bavier, Andy and Peterson, Larry},
    isbn = {978-1-59593-636-3},
    doi = {10.1145/1272998.1273025},
    issn = {01635980}
}

@inproceedings{Singh2017ContainersTechnology,
    title = {{Containers {\&} Docker: Emerging roles {\&} future of Cloud technology}},
    year = {2017},
    booktitle = {Proceedings of the 2016 2nd International Conference on Applied and Theoretical Computing and Communication Technology, iCATccT 2016},
    author = {Singh, Sachchidanand and Singh, Nirmala},
    isbn = {9781509023981},
    doi = {10.1109/ICATCCT.2016.7912109},
    keywords = {Bluemix, Carina, Cloud, Cloud Foundry, Containers, CoreOS, Docker, Hyper-V Containers, Hypervisor, Kubernetes, Virtualization, Windows Server Containers}
}

@inproceedings{Akbar2016Context-awareApplications,
    title = {{Context-aware stream processing for distributed IoT applications}},
    year = {2016},
    booktitle = {IEEE World Forum on Internet of Things, WF-IoT 2015 - Proceedings},
    author = {Akbar, Adnan and Carrez, Francois and Moessner, Klaus and Sancho, Juan and Rico, Juan},
    isbn = {9781509003655},
    doi = {10.1109/WF-IoT.2015.7389133},
    keywords = {Clustering, Complex event processing, context-aware, intelligent transportation system, internet of things, machine learning, real-time}
}

@article{Aichholzer2015ControllingTests,
    title = {{Controlling acquiescence bias in measurement invariance tests}},
    year = {2015},
    journal = {Psihologija},
    author = {Aichholzer, Julian},
    doi = {10.2298/PSI1504409A},
    issn = {14519283},
    keywords = {Acquiescence, Big five, Measurement invariance, Multiple-group factor analysis}
}

@misc{MagieGayathri2016CreateRecipes,
    title = {{Create a simulated device with simulated sensors - developerWorks Recipes}},
    year = {2016},
    author = {{Magie Gayathri}},
    url = {https://developer.ibm.com/recipes/tutorials/create-a-simulated-device-with-simulated-sensors/}
}

@misc{DanielAWS,
    title = {{Daniel Wellington Case Study – Amazon Web Services (AWS)}},
    url = {https://aws.amazon.com/solutions/case-studies/danielwellington/}
}

@article{Ganz2016DasMenschen,
    title = {{Das Internet der Dinge, Dienstleistungen und Menschen}},
    year = {2016},
    journal = {Informatik-Spektrum},
    author = {Ganz, Christopher},
    url = {https://link.springer.com.ezproxy.dhbw-mannheim.de/content/pdf/10.1007%2Fs00287-016-0963-8.pdf},
    doi = {10.1007/s00287-016-0963-8}
}

@misc{Hammond2018DemystifyingComputing,
    title = {{Demystifying Serverless Computing}},
    year = {2018},
    booktitle = {Forrester Report},
    author = {Hammond, Jeffrey S. and Rymer, John R.},
    url = {https://www.forrester.com/report/Demystifying+Serverless+Computing/-/E-RES141536?objectid=RES141536}
}

@misc{DevelopersHub,
    title = {{Developers help build a safe, standardized flight platform for industrial drones with Azure IoT Hub}},
    url = {https://customers.microsoft.com/en-us/story/droneworks}
}

@book{Rogers1995DiffusionInnovations,
    title = {{Diffusion of Innovations}},
    year = {1995},
    booktitle = {Elements of Diffusion},
    author = {Rogers, Everett M.},
    isbn = {0-02-926671-8},
    doi = {citeulike-article-id:126680},
    issn = {0306-4603},
    pmid = {3015015},
    arxivId = {arXiv:1011.1669v3}
}

@article{Zaharia2012DiscretizedClusters,
    title = {{Discretized streams: an efficient and fault-tolerant model for stream processing on large clusters}},
    year = {2012},
    journal = {Proceedings of the 4th USENIX conference on Hot Topics in Cloud Ccomputing},
    author = {Zaharia, Matei and Das, Tathagata and Li, Haoyuan and Shenker, Scott and Stoica, Ion},
    pages = {10–10},
    issn = {<null>}
}

@article{Zaharia2012DiscretizedClustersb,
    title = {{Discretized streams: an efficient and fault-tolerant model for stream processing on large clusters}},
    year = {2012},
    journal = {Proceedings of the 4th USENIX conference on Hot Topics in Cloud Ccomputing},
    author = {Zaharia, Matei and Das, Tathagata and Li, Haoyuan and Shenker, Scott and Stoica, Ion},
    pages = {10–10},
    issn = {<null>}
}

@article{Ye2003DistributedNetwork,
    title = {{Distributed network file storage for a serverless (P2P) network}},
    year = {2003},
    journal = {The 11th IEEE International Conference on Networks, 2003. ICON2003.},
    author = {Ye, W. and Khan, A.I. and Kendall, E.A.},
    pages = {343--347},
    url = {http://ieeexplore.ieee.org/lpdocs/epic03/wrapper.htm?arnumber=1266214},
    isbn = {0-7803-7788-5},
    doi = {10.1109/ICON.2003.1266214},
    issn = {1531-2216},
    keywords = {Computer networks, Data security, Information security, Information technology, Large-scale systems, Logic, Mechanical factors, Peer to peer computing, Protocols, Routing, XML, distributed network file storage, file information protocol, file organisation, lightweight XML-formatted messages, network state information, persistent peer-to-peer network storage, protocols, routine networking, self-organising storage, serverless layer, serverless network, synchronizing file}
}

@misc{2018DockerStackShare,
    title = {{Docker vs LXD vs LXC vs rkt 2018 Comparison | StackShare}},
    year = {2018},
    url = {https://stackshare.io/stackups/docker-vs-lxd-vs-lxc-vs-rkt}
}

@misc{2018DockerStackShareb,
    title = {{Docker vs LXD vs rkt 2018 Comparison | StackShare}},
    year = {2018},
    url = {https://stackshare.io/stackups/docker-vs-lxd-vs-rkt}
}

@article{Fink2014Docker:Framework,
    title = {{Docker: a Software as a Service, Operating System-Level Virtualization Framework}},
    year = {2014},
    journal = {Code4Lib},
    author = {Fink, John}
}

@inproceedings{Kumar2017EconomicallyContainers,
    title = {{Economically Efficient Virtualization over Cloud Using Docker Containers}},
    year = {2017},
    booktitle = {Proceedings - 2016 IEEE International Conference on Cloud Computing in Emerging Markets, CCEM 2016},
    author = {Kumar, Krishan and Kurhekar, Manish},
    isbn = {9781509045730},
    doi = {10.1109/CCEM.2016.025},
    keywords = {Cloud, Container, Docker, LXC, System Level Virtualization, Virtual Machines}
}

@article{Gedik2014ElasticProcessing,
    title = {{Elastic scaling for data stream processing}},
    year = {2014},
    journal = {IEEE Transactions on Parallel and Distributed Systems},
    author = {Gedik, Buǧra and Schneider, Scott and Hirzel, Martin and Wu, Kun Lung},
    number = {6},
    pages = {1447--1463},
    volume = {25},
    isbn = {9781450327374},
    doi = {10.1109/TPDS.2013.295},
    issn = {10459219},
    keywords = {Data stream processing, elasticity, parallelization}
}

@article{Gedik2014ElasticProcessingb,
    title = {{Elastic scaling for data stream processing}},
    year = {2014},
    journal = {IEEE Transactions on Parallel and Distributed Systems},
    author = {Gedik, Buǧra and Schneider, Scott and Hirzel, Martin and Wu, Kun Lung},
    number = {6},
    pages = {1447--1463},
    volume = {25},
    isbn = {9781450327374},
    doi = {10.1109/TPDS.2013.295},
    issn = {10459219},
    keywords = {Data stream processing, elasticity, parallelization}
}

@misc{Hummer2013ElasticCloud,
    title = {{Elastic stream processing in the Cloud}},
    year = {2013},
    booktitle = {Wiley Interdisciplinary Reviews: Data Mining and Knowledge Discovery},
    author = {Hummer, Waldemar and Satzger, Benjamin and Dustdar, Schahram},
    number = {5},
    pages = {333--345},
    volume = {3},
    isbn = {1942-4787},
    doi = {10.1002/widm.1100},
    issn = {19424787}
}

@misc{Hummer2013ElasticCloudb,
    title = {{Elastic stream processing in the Cloud}},
    year = {2013},
    booktitle = {Wiley Interdisciplinary Reviews: Data Mining and Knowledge Discovery},
    author = {Hummer, Waldemar and Satzger, Benjamin and Dustdar, Schahram},
    number = {5},
    pages = {333--345},
    volume = {3},
    isbn = {1942-4787},
    doi = {10.1002/widm.1100},
    issn = {19424787}
}

@inproceedings{Villamizar2015EvaluatingCloud,
    title = {{Evaluating the monolithic and the microservice architecture pattern to deploy web applications in the cloud}},
    year = {2015},
    booktitle = {2015 10th Computing Colombian Conference (10CCC)},
    author = {Villamizar, Mario and Garces, Oscar and Castro, Harold and Verano, Mauricio and Salamanca, Lorena and Casallas, Rubby and Gil, Santiago},
    month = {9},
    pages = {583--590},
    publisher = {IEEE},
    url = {http://ieeexplore.ieee.org/document/7333476/},
    isbn = {978-1-4673-9464-2},
    doi = {10.1109/ColumbianCC.2015.7333476}
}

@article{Group2006Event-DrivenOverview,
    title = {{Event-Driven Architecture Overview}},
    year = {2006},
    author = {Group, Patricia Seybold and Michelson, Brenda M and Vp, Sr and Consultant, Sr},
    url = {http://soa.omg.org/Uploaded%20Docs/EDA/bda2-2-06cc.pdf},
    doi = {10.1571/bda2-2-06cc}
}

@techreport{Chandrasekaran2017EvolutionWhen,
    title = {{Evolution of Server Computing: VMs to Containers to Serverless — Which to Use When?}},
    year = {2017},
    author = {Chandrasekaran, Arun},
    url = {https://www.gartner.com/document/3749163},
    institution = {Gartner}
}

@book{Crinnion1991EvolutionaryMethodology,
    title = {{Evolutionary systems development : a practical guide to the use of prototyping within a structured systems methodology}},
    year = {1991},
    author = {Crinnion, John.},
    pages = {369},
    publisher = {Plenum Press},
    url = {https://www.springer.com/gp/book/9780306441394},
    isbn = {9780306441394}
}

@misc{2014ExecutiveThings,
    title = {{Executive Summary: Data Growth, Business Opportunities, and the IT Imperatives | The Digital Universe of Opportunities: Rich Data and the Increasing Value of the Internet of Things}},
    year = {2014},
    url = {https://www.emc.com/leadership/digital-universe/2014iview/executive-summary.htm}
}

@article{DAmbra2004ExplainingModel,
    title = {{Explaining perceived performance of the World Wide Web: uncertainty and the task‐technology fit model}},
    year = {2004},
    journal = {Internet Research},
    author = {D'Ambra, John and Wilson, Concepción S.},
    number = {4},
    month = {9},
    pages = {294--310},
    volume = {14},
    url = {http://www.emeraldinsight.com/doi/10.1108/10662240410555315},
    doi = {10.1108/10662240410555315},
    issn = {1066-2243}
}

@incollection{Bonomi2014FogAnalytics,
    title = {{Fog Computing: A Platform for Internet of Things and Analytics}},
    year = {2014},
    author = {Bonomi, Flavio and Milito, Rodolfo and Natarajan, Preethi and Zhu, Jiang},
    pages = {169--186},
    publisher = {Springer, Cham},
    url = {http://link.springer.com/10.1007/978-3-319-05029-4_7},
    doi = {10.1007/978-3-319-05029-4{\_}7}
}

@article{Dastjerdi2016FogPotential,
    title = {{Fog Computing: Helping the Internet of Things Realize Its Potential}},
    year = {2016},
    journal = {Computer},
    author = {Dastjerdi, Amir Vahid and Buyya, Rajkumar},
    number = {8},
    month = {8},
    pages = {112--116},
    volume = {49},
    url = {http://ieeexplore.ieee.org/document/7543455/},
    doi = {10.1109/MC.2016.245},
    issn = {0018-9162}
}

@techreport{2017Function-as-a-Service2021,
    title = {{Function-as-a-Service Market  - Global Forecast to 2021}},
    year = {2017},
    pages = {142},
    url = {https://www.researchandmarkets.com/research/nfq5pr/functionasaserv},
    institution = {Research and Markets},
    doi = {4071941}
}

@misc{Ellis2017FunctionsDocker,
    title = {{Functions as a Service - a serverless framework for Docker}},
    year = {2017},
    booktitle = {DOCKERCON 2017},
    author = {Ellis, Alex}
}

@article{Berkholz2016FunctionsArchitecture,
    title = {{Functions as a service: the rise of serverless architecture}},
    year = {2016},
    journal = {451 Research},
    author = {Berkholz, Donnie},
    url = {https://ibm.northernlight.com/document.php?docid=IB20170111290001753&datasource=IBM&trans=view&caller=resultslist}
}

@inproceedings{Wu2006High-performanceStreams,
    title = {{High-performance complex event processing over streams}},
    year = {2006},
    booktitle = {Proceedings of the 2006 ACM SIGMOD international conference on Management of data  - SIGMOD '06},
    author = {Wu, Eugene and Diao, Yanlei and Rizvi, Shariq},
    isbn = {1595934340},
    doi = {10.1145/1142473.1142520},
    issn = {1595934340}
}

@article{Porter2014HowCompetition,
    title = {{How Smart, Connected Products Are Transforming Competition}},
    year = {2014},
    author = {Porter, Michael E and Heppelmann, James E},
    url = {http://www.gospi.fr/IMG/pdf/porter-2014-hbr_how-smart-connected-products-are-transforming-competitionhbr-2014.pdf}
}

@unpublished{Smith2017Hype2017,
    title = {{Hype Cycle for Cloud Computing, 2017}},
    year = {2017},
    author = {Smith, David Mitchell and Anderson, Ed},
    url = {https://www.gartner.com/document/3772110?ref=AutoReg}
}

@unpublished{Weiss2017Hype2017,
    title = {{Hype Cycle for Compute Infrastructure, 2017}},
    year = {2017},
    author = {Weiss, George J. and Dekate, Chirag and Reynolds, Martin},
    url = {https://www.gartner.com/document/3767569?ref=AutoReg}
}

@unpublished{Walker2017Hype2017,
    title = {{Hype Cycle for Emerging Technologies, 2017}},
    year = {2017},
    author = {Walker, Mike J.},
    url = {https://www.gartner.com/document/3768572?ref=AutoReg}
}

@unpublished{DawsonPhilip2017Hype2017,
    title = {{Hype Cycle for Infrastructure Strategies, 2017}},
    year = {2017},
    author = {{Dawson Philip} and Hill, Nathan},
    url = {https://www.gartner.com/document/3772082?ref=AutoReg}
}

@unpublished{Natis2017Hype2017,
    title = {{Hype Cycle for Platform as a Service, 2017}},
    year = {2017},
    author = {Natis, Yefim V. N and Vincent, Paul},
    url = {https://www.gartner.com/document/3764563?ref=AutoReg}
}

@article{Wortmann2015InternetThings,
    title = {{Internet of Things}},
    year = {2015},
    journal = {Business {\&} Information Systems ENgineering},
    author = {Wortmann, Felix and Fluchter, Kristina},
    isbn = {9783642324260},
    doi = {10.1007/s12599-015-0383-3},
    issn = {2363-7005},
    pmid = {25246403},
    arxivId = {arXiv:1011.1669v3},
    keywords = {firms, ibm, information, innovation, internet of things, knowledge, management, open innovation, smart city, systems, triple-helix}
}

@article{Gubbi2013InternetDirections,
    title = {{Internet of Things (IoT): A vision, architectural elements, and future directions}},
    year = {2013},
    journal = {Future Generation Computer Systems},
    author = {Gubbi, Jayavardhana and Buyya, Rajkumar and Marusic, Slaven and Palaniswami, Marimuthu},
    number = {7},
    month = {9},
    pages = {1645--1660},
    volume = {29},
    url = {http://linkinghub.elsevier.com/retrieve/pii/S0167739X13000241},
    doi = {10.1016/j.future.2013.01.010},
    issn = {0167739X}
}

@inproceedings{Dorsemaine2016InternetTaxonomy,
    title = {{Internet of Things: A Definition and Taxonomy}},
    year = {2016},
    booktitle = {Proceedings - NGMAST 2015: The 9th International Conference on Next Generation Mobile Applications, Services and Technologies},
    author = {Dorsemaine, Bruno and Gaulier, Jean Philippe and Wary, Jean Philippe and Kheir, Nizar and Urien, Pascal},
    isbn = {9781479986606},
    doi = {10.1109/NGMAST.2015.71},
    keywords = {Internet of Things, connected objects, definition, taxonomy}
}

@article{Complex2007IntroductionStreams,
    title = {{Introduction to Complex Event Processing {\&} Data Streams}},
    year = {2007},
    journal = {Network},
    author = {Complex, With and Processing, Event}
}

@article{Liang2004IntroductionApplications,
    title = {{Introduction to the Special Issue: Mobile Commerce Applications}},
    year = {2004},
    journal = {International Journal of Electronic Commerce },
    author = {Liang, Ting-Peng and Wei, Chih-Ping},
    number = {3},
    month = {12},
    pages = {7--17},
    volume = {8},
    url = {http://www.tandfonline.com/doi/abs/10.1207/s15327590ijhc1803_3},
    doi = {10.1080/10864415.2004.11044303}
}

@inproceedings{DeFrancisciMorales2016IoTMining,
    title = {{IoT Big Data Stream Mining}},
    year = {2016},
    booktitle = {Proceedings of the 22nd ACM SIGKDD International Conference on Knowledge Discovery and Data Mining - KDD '16},
    author = {De Francisci Morales, Gianmarco and Bifet, Albert and Khan, Latifur and Gama, Joao and Fan, Wei},
    isbn = {9781450342322},
    doi = {10.1145/2939672.2945385}
}

@article{Yang2017IoTFog,
    title = {{IoT Stream Processing and Analytics in the Fog}},
    year = {2017},
    journal = {IEEE Communications Magazine},
    author = {Yang, Shusen},
    doi = {10.1109/MCOM.2017.1600840},
    issn = {01636804},
    arxivId = {1705.05988}
}

@inproceedings{Balandina2015IoTTourism,
    title = {{IoT Use Cases in Healthcare and Tourism}},
    year = {2015},
    booktitle = {2015 IEEE 17th Conference on Business Informatics},
    author = {Balandina, Ekaterina and Balandin, Sergey and Koucheryavy, Yevgeni and Mouromtsev, Dmitry},
    month = {7},
    pages = {37--44},
    publisher = {IEEE},
    url = {http://ieeexplore.ieee.org/document/7264765/},
    isbn = {978-1-4673-7340-1},
    doi = {10.1109/CBI.2015.16}
}

@misc{IRobotServices,
    title = {{iRobot Case Study - Amazon Web Services}},
    url = {https://aws.amazon.com/solutions/case-studies/irobot/}
}

@article{Said2016IsWorkplace,
    title = {{Is a Mobile Phone a Disruptive Innovation in the Workplace?}},
    year = {2016},
    journal = {Gadjah Mada International Journal of Business},
    author = {Said, Mohd Fuaad and Adham, Khairul Akmaliah},
    number = {2},
    month = {8},
    pages = {131},
    volume = {18},
    url = {https://journal.ugm.ac.id/gamaijb/article/view/12571},
    doi = {10.22146/gamaijb.12571},
    issn = {2338-7238}
}

@article{Said2016IsWorkplaceb,
    title = {{Is a Mobile Phone a Disruptive Innovation in the Workplace?}},
    year = {2016},
    journal = {Gadjah Mada International Journal of Business},
    author = {Said, Mohd Fuaad and Adham, Khairul Akmaliah},
    number = {2},
    month = {8},
    pages = {131},
    volume = {18},
    url = {https://journal.ugm.ac.id/gamaijb/article/view/12571},
    doi = {10.22146/gamaijb.12571},
    issn = {2338-7238}
}

@inproceedings{Yannuzzi2014KeyComputing,
    title = {{Key ingredients in an IoT recipe: Fog Computing, Cloud computing, and more Fog Computing}},
    year = {2014},
    booktitle = {2014 IEEE 19th International Workshop on Computer Aided Modeling and Design of Communication Links and Networks (CAMAD)},
    author = {Yannuzzi, M. and Milito, R. and Serral-Gracia, R. and Montero, D. and Nemirovsky, M.},
    month = {12},
    pages = {325--329},
    publisher = {IEEE},
    url = {http://ieeexplore.ieee.org/document/7033259/},
    isbn = {978-1-4799-5725-5},
    doi = {10.1109/CAMAD.2014.7033259}
}

@inproceedings{Bila2017LeveragingContainers,
    title = {{Leveraging the Serverless Architecture for Securing Linux Containers}},
    year = {2017},
    booktitle = {Proceedings - IEEE 37th International Conference on Distributed Computing Systems Workshops, ICDCSW 2017},
    author = {Bila, Nilton and Dettori, Paolo and Kanso, Ali and Watanabe, Yuji and Youssef, Alaa},
    pages = {401--404},
    isbn = {9781538632925},
    doi = {10.1109/ICDCSW.2017.66},
    keywords = {Docker, Kubernetes, Linux containers, OpenWhisk, security analysis, serverless architecture}
}

@incollection{Brill2008LikertScale,
    title = {{Likert Scale}},
    year = {2008},
    booktitle = {Encyclopedia of survey research methods},
    author = {Brill, Jonathan E.},
    isbn = {9781412918084},
    doi = {10.4135/9781412963947}
}

@article{Jamieson2008LikertScale,
    title = {{Likert Scale}},
    year = {2008},
    journal = {Components},
    author = {Jamieson, S},
    isbn = {9781412918084},
    doi = {10.4082/kjfm.2011.32.1.1},
    issn = {2005-6443}
}

@inproceedings{Do2013Limplock,
    title = {{Limplock}},
    year = {2013},
    booktitle = {Proceedings of the 4th annual Symposium on Cloud Computing - SOCC '13},
    author = {Do, Thanh and Hao, Mingzhe and Leesatapornwongsa, Tanakorn and Patana-anake, Tiratat and Gunawi, Haryadi S.},
    pages = {1--14},
    publisher = {ACM Press},
    url = {http://dl.acm.org/citation.cfm?doid=2523616.2523627},
    address = {New York, New York, USA},
    isbn = {9781450324281},
    doi = {10.1145/2523616.2523627}
}

@techreport{Heudecker2017MarketProcessing,
    title = {{Market Guide for Event Stream Processing}},
    year = {2017},
    author = {Heudecker, Nick and Schulte, W. Roy},
    url = {https://www.gartner.com/document/3706724}
}

@techreport{Rueb2018MarketProviders,
    title = {{Market Guide for IoT Service Providers}},
    year = {2018},
    author = {Rueb, Denise and Alaybeyi, Saniye Burcu},
    url = {https://www.gartner.com/document/3842378?ref=TypeAheadSearch&qid=edcf92f6a584555bbf6f8}
}

@misc{ModeBimodalDevelopment,
    title = {{Mode 1, Mode 2: Alan Zeichick on Bimodal Development}},
    url = {https://blog.parasoft.com/bimodal-alanzeichick}
}

@inproceedings{Babcock2002ModelsSystems,
    title = {{Models and issues in data stream systems}},
    year = {2002},
    booktitle = {Proceedings of the twenty-first ACM SIGMOD-SIGACT-SIGART symposium on Principles of database systems  - PODS '02},
    author = {Babcock, Brian and Babu, Shivnath and Datar, Mayur and Motwani, Rajeev and Widom, Jennifer},
    pages = {1},
    url = {http://portal.acm.org/citation.cfm?doid=543613.543615},
    isbn = {1581135076},
    doi = {10.1145/543613.543615},
    issn = {1581135076},
    pmid = {20033067},
    arxivId = {arXiv:1011.1669v3}
}

@inproceedings{Babcock2002ModelsSystemsb,
    title = {{Models and issues in data stream systems}},
    year = {2002},
    booktitle = {Proceedings of the twenty-first ACM SIGMOD-SIGACT-SIGART symposium on Principles of database systems  - PODS '02},
    author = {Babcock, Brian and Babu, Shivnath and Datar, Mayur and Motwani, Rajeev and Widom, Jennifer},
    pages = {1},
    url = {http://portal.acm.org/citation.cfm?doid=543613.543615},
    isbn = {1581135076},
    doi = {10.1145/543613.543615},
    issn = {1581135076},
    pmid = {20033067},
    arxivId = {arXiv:1011.1669v3}
}

@article{Bass2007Mythbusters:Processing,
    title = {{Mythbusters: event stream processing versus complex event processing}},
    year = {2007},
    journal = {DEBS '07: Proceedings of the 2007 inaugural international conference on Distributed event-based systems},
    author = {Bass, Tim},
    isbn = {9781595936653},
    doi = {10.1145/1266894.1266896},
    issn = {01466615}
}

@misc{NetflixStudy,
    title = {{Netflix {\&}amp; Amazon Kinesis Streams Case Study}},
    url = {https://aws.amazon.com/solutions/case-studies/netflix-kinesis-streams/}
}

@misc{NetflixAWS,
    title = {{Netflix {\&}amp; AWS Lambda Case Study - Amazon Web Services (AWS)}},
    url = {https://aws.amazon.com/solutions/case-studies/netflix-and-aws-lambda/}
}

@article{Azoff2016NewMarket,
    title = {{New software development approaches offer more effective ways of getting products and services to market}},
    year = {2016},
    author = {Azoff, Michael},
    url = {https://ibm.northernlight.com/document.php?docid=IA20160721860000031&datasource=IBM&trans=view&caller=resultslist}
}

@article{Davis1989PerceivedTechnology,
    title = {{Perceived Usefulness, Perceived Ease of Use, and User Acceptance of Information Technology}},
    year = {1989},
    journal = {MIS Quarterly},
    author = {Davis, F. D.},
    isbn = {0276-7783},
    doi = {10.2307/249008},
    issn = {02767783},
    pmid = {4679168},
    arxivId = {arXiv:1011.1669v3},
    keywords = {User acceptance, computing, end user, user measurement}
}

@unpublished{Dekate2017PredictsInfrastructure,
    title = {{Predicts 2018: Compute Infrastructure}},
    year = {2017},
    booktitle = {Gartner Predicts},
    author = {Dekate, Chirag and Chandrasekaran, Arun and Dawson, Philip and Weiss, George J. and Fletcher, Colin and Smith, Dennis},
    url = {https://www.gartner.com/document/3829572?ref=AutoReg#}
}

@incollection{Budde1992Prototyping,
    title = {{Prototyping}},
    year = {1992},
    booktitle = {Prototyping},
    author = {Budde, Reinhard and Kautz, Karlheinz and Kuhlenkamp, Karin and Z{\"{u}}llighoven, Heinz},
    pages = {33--46},
    publisher = {Springer Berlin Heidelberg},
    url = {http://www.springerlink.com/index/10.1007/978-3-642-76820-0_5},
    address = {Berlin, Heidelberg},
    doi = {10.1007/978-3-642-76820-0{\_}5}
}

@inproceedings{Khare2015ReactivePublish/subscribe,
    title = {{Reactive stream processing for data-centric publish/subscribe}},
    year = {2015},
    booktitle = {Proceedings of the 9th ACM International Conference on Distributed Event-Based Systems - DEBS '15},
    author = {Khare, Shweta and An, Kyoungho and Gokhale, Aniruddha and Tambe, Sumant and Meena, Ashish},
    isbn = {9781450332866},
    doi = {10.1145/2675743.2771880}
}

@article{Cane2010Ready3,
    title = {{Ready for Battle? A Phenomenological Study of Military Simulation Systems: Journal of Computer Information Systems: Vol 50, No 3}},
    year = {2010},
    journal = {Journal of Computer Information Systems },
    author = {Cane, Sheila and McCarthy, Richard and Halawi, Leila},
    number = {3},
    pages = {33--44},
    volume = {50},
    url = {https://www.tandfonline.com/doi/abs/10.1080/08874417.2010.11645405},
    doi = {10.1080/08874417.2010.11645405}
}

@article{TonjesRealApplications,
    title = {{Real Time IoT Stream Processing and Large-scale Data Analytics for Smart City Applications}},
    author = {T{\"{o}}njes, Ralf and Ali, Muhammad Intizar and Barnaghi, Payam and Ganea, Sorin and Ganz, Frieder and Haushwirth, Manfred and Kjaergaard, Brigitte and K{\"{u}}mper, Daniel and Mileo, Alessandra and Nechifor, Septimiu and Sheth, Amit and Tsiatsis, Vlasios and Vestergaard, Lasse},
    url = {http://srvgal89.deri.ie:8080/ali_intizar/Publications/2014/EuCNC2014.pdf}
}

@book{Hull2006RequirementsEngineering,
    title = {{Requirements Engineering}},
    year = {2006},
    booktitle = {Requirements Engineering},
    author = {Hull, Elizabeth and Jackson, Ken and Dick, Jeremy},
    isbn = {1852338792},
    doi = {10.1145/336512.336523},
    issn = {0926-9630},
    pmid = {21335721},
    arxivId = {9780201398298}
}

@book{Hull2009RequirementsEngineering,
    title = {{Requirements Engineering}},
    year = {2009},
    booktitle = {Requirements Engineering},
    author = {Hull, Elizabeth},
    isbn = {1849964041},
    doi = {10.1007/978-3-540-92201-8},
    issn = {00261270},
    pmid = {12425241}
}

@inproceedings{Nuseibeh2000RequirementsEngineering,
    title = {{Requirements engineering}},
    year = {2000},
    booktitle = {Proceedings of the conference on The future of Software engineering  - ICSE '00},
    author = {Nuseibeh, Bashar and Easterbrook, Steve},
    isbn = {1581132530},
    doi = {10.1145/336512.336523},
    issn = {09473602},
    pmid = {17742320},
    arxivId = {1003.1141}
}

@book{Sommerville1999RequirementsGuide,
    title = {{Requirements engineering : a good practice guide}},
    year = {1999},
    author = {Sommerville, Ian and Sawyer, Pete (Pete H.)},
    pages = {391},
    publisher = {Wiley},
    isbn = {0471974447}
}

@misc{RoboticsIoT,
    title = {{Robotics developers create a scalable, affordable cloud data management solution using IoT}},
    url = {https://customers.microsoft.com/en-us/story/bluefrog}
}

@inproceedings{Cherniack2003ScalableProcessing,
    title = {{Scalable Distributed Stream Processing}},
    year = {2003},
    booktitle = {Proceedings of the Innovative Data Systems Research Conference (CIDR)},
    author = {Cherniack, Mitch and Balakrishnan, Hari and Balazinska, Magdalena and Carney, Don and {\c{C}}etintemel, Uğur and Xing, Ying and Zdonik, Stan},
    pages = {277--289},
    url = {http://nms.csail.mit.edu/papers/CIDR_CRC.pdf},
    isbn = {9781450327589},
    doi = {10.1145/2723372.2746485},
    issn = {21508097}
}

@inproceedings{Cherniack2003ScalableProcessingb,
    title = {{Scalable Distributed Stream Processing}},
    year = {2003},
    booktitle = {Proceedings of the Innovative Data Systems Research Conference (CIDR)},
    author = {Cherniack, Mitch and Balakrishnan, Hari and Balazinska, Magdalena and Carney, Don and {\c{C}}etintemel, Uğur and Xing, Ying and Zdonik, Stan},
    pages = {277--289},
    url = {http://nms.csail.mit.edu/papers/CIDR_CRC.pdf},
    isbn = {9781450327589},
    doi = {10.1145/2723372.2746485},
    issn = {21508097}
}

@article{Cherniack2003ScalableProcessor,
    title = {{Scalable Distributed Stream Processing Aurora : A Centralized Stream Processor}},
    year = {2003},
    journal = {Cidr},
    author = {Cherniack, Mitch and Balakrishnan, Hari and Balazinska, Magdalena and Carney, Don and {\c{C}}etintemel, Uğur and Xing, Ying and Zdonik, Stan},
    pages = {12},
    issn = {21508097}
}

@article{Cherniack2003ScalableProcessorb,
    title = {{Scalable Distributed Stream Processing Aurora : A Centralized Stream Processor}},
    year = {2003},
    journal = {Cidr},
    author = {Cherniack, Mitch and Balakrishnan, Hari and Balazinska, Magdalena and Carney, Don and {\c{C}}etintemel, Uğur and Xing, Ying and Zdonik, Stan},
    pages = {12},
    issn = {21508097}
}

@inproceedings{Cabrera2015ServerlessControl,
    title = {{Serverless and Peer-to-peer distributed interfaces for musical control}},
    year = {2015},
    booktitle = {Proceedings of the International Conference on New Interfaces for Musical Expression},
    author = {Cabrera, Andrés},
    pages = {355--358},
    url = {http://www.nime.org/proceedings/2015/nime2015_351.pdf}
}

@misc{Roberts2016ServerlessArchitectures,
    title = {{Serverless Architectures}},
    year = {2016},
    booktitle = {Martinfowler.Com},
    author = {Roberts, Mike},
    url = {http://martinfowler.com/articles/serverless.html}
}

@misc{Roberts2016ServerlessArchitecturesb,
    title = {{Serverless Architectures}},
    year = {2016},
    author = {Roberts, Mike},
    url = {https://martinfowler.com/articles/serverless.html}
}

@article{HendricksonServerlessOpenLambda,
    title = {{Serverless Computation with OpenLambda}},
    author = {Hendrickson, Scott and Sturdevant, Stephen and Harter, Tyler and Venkataramani, Venkateshwaran and Arpaci-Dusseau, Andrea C and Arpaci-Dusseau, Remzi H},
    url = {https://www.usenix.org/system/files/conference/hotcloud16/hotcloud16_hendrickson.pdf}
}

@misc{MicrosoftAzure2017ServerlessAzure,
    title = {{Serverless Computing | Microsoft Azure}},
    year = {2017},
    author = {{Microsoft Azure}},
    url = {https://azure.microsoft.com/en-us/overview/serverless-computing/}
}

@misc{AmazonWebServices2017ServerlessServices,
    title = {{Serverless Computing – Amazon Web Services}},
    year = {2017},
    booktitle = {AWS },
    author = {{Amazon Web Services}},
    url = {https://aws.amazon.com/serverless/}
}

@inproceedings{McGrath2017ServerlessPerformance,
    title = {{Serverless Computing: Design, Implementation, and Performance}},
    year = {2017},
    booktitle = {Proceedings - IEEE 37th International Conference on Distributed Computing Systems Workshops, ICDCSW 2017},
    author = {McGrath, Garrett and Brenner, Paul R.},
    pages = {405--410},
    isbn = {9781538632925},
    doi = {10.1109/ICDCSW.2017.36},
    keywords = {AWS Lambda, Apache OpenWhisk, Azure Functions, FaaS, Function-as-a-Service, Google Cloud Functions, IBM OpenWhisk, serverless computing, serverless performance}
}

@inproceedings{Adzic2017ServerlessImpact,
    title = {{Serverless computing: economic and architectural impact}},
    year = {2017},
    booktitle = {Proceedings of the 2017 11th Joint Meeting on Foundations of Software Engineering  - ESEC/FSE 2017},
    author = {Adzic, Gojko and Chatley, Robert},
    pages = {884--889},
    url = {http://dl.acm.org/citation.cfm?doid=3106237.3117767},
    isbn = {9781450351058},
    doi = {10.1145/3106237.3117767}
}

@misc{Malawski2017ServerlessFunctions,
    title = {{Serverless execution of scientific workflows: Experiments with HyperFlow, AWS Lambda and Google Cloud Functions}},
    year = {2017},
    booktitle = {Future Generation Computer Systems},
    author = {Malawski, Maciej and Gajek, Adam and Zima, Adam and Balis, Bartosz and Figiela, Kamil},
    doi = {10.1016/j.future.2017.10.029},
    issn = {0167739X},
    keywords = {Cloud functions, FaaS, Scientific workflows, Serverless architectures}
}

@misc{ServerlessSimpler,
    title = {{Serverless is cheaper, not simpler}},
    url = {https://medium.freecodecamp.org/serverless-is-cheaper-not-simpler-a10c4fc30e49}
}

@misc{ServerlessTwo-thirds,
    title = {{Serverless platform cuts time-to-market by two-thirds}},
    url = {https://customers.microsoft.com/en-us/story/quest}
}

@inproceedings{Castro2017ServerlessService,
    title = {{Serverless Programming (Function as a Service)}},
    year = {2017},
    booktitle = {Proceedings - International Conference on Distributed Computing Systems},
    author = {Castro, Paul and Ishakian, Vatche and Muthusamy, Vinod and Slominski, Aleksander},
    pages = {2658--2659},
    isbn = {9781538617915},
    doi = {10.1109/ICDCS.2017.305},
    issn = {1063-6927}
}

@incollection{Datta2010ServerlessCollaboration,
    title = {{Serverless social software for nomadic collaboration}},
    year = {2010},
    booktitle = {E-Research Collaboration: Theory, Techniques and Challenges},
    author = {Datta, Anwitaman and Rzadca, Krzysztof and Ang, Sally and Hong, Goh Chee},
    pages = {85--104},
    isbn = {9783642122569},
    doi = {10.1007/978-3-642-12257-6{\_}6}
}

@misc{Ling2004SessionState,
    title = {{Session state: beyond soft state}},
    year = {2004},
    booktitle = {Proceedings of the 1st conference on Symposium on Networked Systems Design and Implementation - Volume 1},
    author = {Ling, Benjamin C. and Kiciman, Emre and Fox, Armando},
    pages = {22--22},
    publisher = {USENIX Association},
    url = {https://dl.acm.org/citation.cfm?id=1251197}
}

@misc{SiemensAWS,
    title = {{Siemens PLM Case Study – Amazon Web Services (AWS)}},
    url = {https://aws.amazon.com/solutions/case-studies/siemens-plm/}
}

@incollection{Grimm2010SocialBias,
    title = {{Social Desirability Bias}},
    year = {2010},
    booktitle = {Wiley International Encyclopedia of Marketing},
    author = {Grimm, Pamela},
    isbn = {9780761923633},
    doi = {10.1002/9781444316568.wiem02057},
    issn = {07408188}
}

@article{Sommerville2010SoftwareEngineering,
    title = {{Software Engineering}},
    year = {2010},
    author = {Sommerville, Ian. and {Ian.}},
    publisher = {New York : Addison-Wesley},
    url = {http://thuvien.thanglong.edu.vn:8081/dspace/handle/DHTL_123456789/3828},
    keywords = {Tin học, phần mềm}
}

@article{Cortes2015StreamPerspective,
    title = {{Stream Processing of Healthcare Sensor Data: Studying User Traces to Identify Challenges from a Big Data Perspective}},
    year = {2015},
    journal = {Procedia Computer Science},
    author = {Cort{\'{e}}s, Rudyar and Bonnaire, Xavier and Marin, Olivier and Sens, Pierre},
    pages = {1004--1009},
    volume = {52},
    url = {http://linkinghub.elsevier.com/retrieve/pii/S1877050915008935},
    doi = {10.1016/j.procs.2015.05.093},
    issn = {18770509}
}

@article{Dishaw1998SupportingAnalysis,
    title = {{Supporting software maintenance with software engineering tools: A Computed task–technology fit analysis}},
    year = {1998},
    journal = {Journal of Systems and Software},
    author = {Dishaw, Mark T. and Strong, Diane M.},
    number = {2},
    month = {12},
    pages = {107--120},
    volume = {44},
    url = {http://linkinghub.elsevier.com/retrieve/pii/S0164121298100481},
    doi = {10.1016/S0164-1212(98)10048-1},
    issn = {01641212}
}

@techreport{Kamburugamuve2013SurveySources,
    title = {{Survey of Distributed Stream Processing for Large Stream Sources}},
    year = {2013},
    booktitle = {Grids.Ucs.Indiana.Edu},
    author = {Kamburugamuve, Supun and Fox, G and Leake, D and Qiu, J},
    url = {http://grids.ucs.indiana.edu/ptliupages/publications/survey_stream_processing.pdf},
    doi = {10.13140/RG.2.1.3856.2968}
}

@techreport{Kamburugamuve2013SurveySourcesb,
    title = {{Survey of Distributed Stream Processing for Large Stream Sources}},
    year = {2013},
    booktitle = {Grids.Ucs.Indiana.Edu},
    author = {Kamburugamuve, Supun and Fox, G and Leake, D and Qiu, J},
    url = {http://grids.ucs.indiana.edu/ptliupages/publications/survey_stream_processing.pdf},
    doi = {10.13140/RG.2.1.3856.2968}
}

@article{Shirani1999TaskCommunication,
    title = {{Task and technology fit: a comparison of two technologies for synchronous and asynchronous group communication}},
    year = {1999},
    journal = {Information {\&} Management},
    author = {Shirani, Ashraf I and Tafti, Mohammed H.A and Affisco, John F},
    number = {3},
    month = {9},
    pages = {139--150},
    volume = {36},
    url = {http://linkinghub.elsevier.com/retrieve/pii/S0378720699000154},
    doi = {10.1016/S0378-7206(99)00015-4},
    issn = {03787206}
}

@article{Goodhue1995Task-TechnologyPerformance,
    title = {{Task-Technology Fit and Individual Performance}},
    year = {1995},
    journal = {MIS Quarterly},
    author = {Goodhue, Dale L. and Thompson, Ronald L.},
    number = {2},
    month = {6},
    pages = {213},
    volume = {19},
    publisher = {Management Information Systems Research Center, University of Minnesota},
    url = {http://www.jstor.org/stable/249689?origin=crossref},
    doi = {10.2307/249689},
    issn = {02767783}
}

@article{Irick2008Task-TechnologyEffectiveness,
    title = {{Task-Technology Fit and Information Systems Effectiveness}},
    year = {2008},
    journal = {Journal of Knowledge Management Practice},
    author = {Irick, Michael L.},
    number = {3},
    volume = {9},
    url = {http://www.tlainc.com/articl165.htm}
}

@incollection{Furneaux2012Task-TechnologyLiterature,
    title = {{Task-Technology Fit Theory: A Survey and Synopsis of the Literature}},
    year = {2012},
    author = {Furneaux, Brent},
    pages = {87--106},
    publisher = {Springer, New York, NY},
    url = {http://link.springer.com/10.1007/978-1-4419-6108-2_5},
    doi = {10.1007/978-1-4419-6108-2{\_}5}
}

@article{Gebauer2006TaskTechnologySystems,
    title = {{Task−Technology Fit for Mobile Information Systems}},
    year = {2006},
    author = {Gebauer, Judith and Shaw, Michael J and Gribbins, Michele L},
    url = {http://www.business.uiuc.edu/Working_Papers/papers/06−0107.pdf}
}

@techreport{Schulte2017TechnologyProcessing,
    title = {{Technology Insight for Event Stream Processing}},
    year = {2017},
    author = {Schulte, W. Roy and Heudecker, Nick},
    url = {https://www.gartner.com/document/3755864}
}

@article{Stonebraker2005TheProcessing,
    title = {{The 8 requirements of real-time stream processing}},
    year = {2005},
    journal = {ACM SIGMOD Record},
    author = {Stonebraker, Michael and {\c{C}}etintemel, Uǧur and Zdonik, Stan},
    number = {4},
    pages = {42--47},
    volume = {34},
    url = {http://portal.acm.org/citation.cfm?doid=1107499.1107504},
    doi = {10.1145/1107499.1107504},
    issn = {01635808}
}

@article{Stonebraker2005TheProcessingb,
    title = {{The 8 requirements of real-time stream processing}},
    year = {2005},
    journal = {ACM SIGMOD Record},
    author = {Stonebraker, Michael and {\c{C}}etintemel, Uǧur and Zdonik, Stan},
    number = {4},
    pages = {42--47},
    volume = {34},
    url = {http://portal.acm.org/citation.cfm?doid=1107499.1107504},
    doi = {10.1145/1107499.1107504},
    issn = {01635808}
}

@article{Depietro1990TheEnvironment,
    title = {{The context for change: Organization, technology and environment}},
    year = {1990},
    journal = {The processes of technological innovation},
    author = {Depietro, Rocco and Wiarda, Edith and Fleischer, Mitchell},
    isbn = {0-669-20348-3}
}

@misc{Mitchell.Bradley2018TheServer,
    title = {{The Definition and Purpose of a Computer Server}},
    year = {2018},
    booktitle = {Lifewire},
    author = {{Mitchell. Bradley}},
    url = {https://www.lifewire.com/servers-in-computer-networking-817380}
}

@article{Rogers2017TheComputing,
    title = {{The economics of serverless cloud computing}},
    year = {2017},
    author = {Rogers, Owen},
    url = {https://ibm.northernlight.com/document.php?docid=IB20170623230000043&datasource=IBM&trans=view&caller=resultslist}
}

@unpublished{Brock2001TheObjects,
    title = {{The Electronic Product Code (EPC) A Naming Scheme for Physical Objects}},
    year = {2001},
    booktitle = {Mit Auto-Id Center},
    author = {Brock, David L},
    pages = {1--21}
}

@misc{Carvalho2018TheFunctions,
    title = {{The Evolving State of PaaS, Part 2: The Disruption of Container Management Platforms and Serverless Functions}},
    year = {2018},
    booktitle = {IDC Industry Development and Models},
    author = {Carvalho, Larry},
    url = {https://www.idc.com/getdoc.jsp?containerId=US42081416},
    doi = {US42081416}
}

@article{Atzori2010TheSurvey,
    title = {{The Internet of Things: A survey}},
    year = {2010},
    journal = {Computer Networks},
    author = {Atzori, Luigi and Iera, Antonio and Morabito, Giacomo},
    number = {15},
    month = {10},
    pages = {2787--2805},
    volume = {54},
    publisher = {Elsevier},
    url = {https://www.sciencedirect.com/science/article/pii/S1389128610001568},
    doi = {10.1016/J.COMNET.2010.05.010},
    issn = {1389-1286}
}

@misc{2014TheThings,
    title = {{The Internet of Things: Data from Embedded Systems Will Account for 10{\%} of the Digital Universe by 2020 | The Digital Universe of Opportunities: Rich Data and the Increasing Value of the Internet of Things}},
    year = {2014},
    url = {https://www.emc.com/leadership/digital-universe/2014iview/internet-of-things.htm}
}

@article{TheIndustry,
    title = {{The Internet of Things: The next growth engine for the semiconductor industry}},
    url = {www.pwc.com}
}

@article{MellTheTechnology,
    title = {{The NIST Definition of Cloud Computing Recommendations of the National Institute of Standards and Technology}},
    author = {Mell, Peter and Grance, Timothy},
    url = {http://faculty.winthrop.edu/domanm/csci411/Handouts/NIST.pdf}
}

@misc{Kehoe2017TheSpectrum,
    title = {{The Serverless Spectrum}},
    year = {2017},
    booktitle = {Medium},
    author = {Kehoe, Ben},
    url = {https://read.acloud.guru/the-serverless-spectrum-147b02cb2292}
}

@misc{Kehoe2017TheGuru,
    title = {{The Serverless Spectrum – A Cloud Guru}},
    year = {2017},
    author = {Kehoe, Ben},
    url = {https://read.acloud.guru/the-serverless-spectrum-147b02cb2292?lipi=urn%3Ali%3Apage%3Ad_flagship3_feed%3BiOfiqxZmTyKbobLX6fMB6w%3D%3D}
}

@inproceedings{Baldini2017TheComputing,
    title = {{The serverless trilemma: function composition for serverless computing}},
    year = {2017},
    booktitle = {Proceedings of the 2017 ACM SIGPLAN International Symposium on New Ideas, New Paradigms, and Reflections on Programming and Software  - Onward! 2017},
    author = {Baldini, Ioana and Cheng, Perry and Fink, Stephen J. and Mitchell, Nick and Muthusamy, Vinod and Rabbah, Rodric and Suter, Philippe and Tardieu, Olivier},
    pages = {89--103},
    url = {http://dl.acm.org/citation.cfm?doid=3133850.3133855},
    isbn = {9781450355308},
    doi = {10.1145/3133850.3133855},
    issn = {15232867},
    arxivId = {1611.02756}
}

@article{Berkholz2017The2017,
    title = {{The state of serverless in 2017}},
    year = {2017},
    author = {Berkholz, Donnie},
    url = {https://ibm.northernlight.com/document.php?docid=IB20170510870000093&datasource=IBM&trans=view&caller=resultslist}
}

@article{Ramirez2000Three-TierArchitecture,
    title = {{Three-Tier Architecture}},
    year = {2000},
    journal = {Linux J.},
    author = {Ramirez, Ariel Ortiz},
    number = {75es},
    pages = {1--4},
    volume = {2000},
    isbn = {0071697306},
    issn = {1075-3583}
}

@article{Lamport1978TimeSystem,
    title = {{Time, clocks, and the ordering of events in a distributed system}},
    year = {1978},
    journal = {Communications of the ACM},
    author = {Lamport, Leslie},
    number = {7},
    month = {7},
    pages = {558--565},
    volume = {21},
    url = {http://portal.acm.org/citation.cfm?doid=359545.359563},
    doi = {10.1145/359545.359563},
    issn = {00010782}
}

@unpublished{Minerva2015TowardsIoT,
    title = {{Towards a definition of the Internet of Things (IoT)}},
    year = {2015},
    author = {Minerva, Roberto and Biru, Abyi and Rotondi, Domenico},
    url = {https://iot.ieee.org/images/files/pdf/IEEE_IoT_Towards_Definition_Internet_of_Things_Revision1_27MAY15.pdf},
    institution = {IEEE}
}

@inproceedings{vandeWeerd2006TowardsManagement,
    title = {{Towards a Reference Framework for Software Product Management}},
    year = {2006},
    booktitle = {14th IEEE International Requirements Engineering Conference (RE'06)},
    author = {van de Weerd, I. and Brinkkemper, S. and Nieuwenhuis, R. and Versendaal, J. and Bijlsma, L.},
    month = {9},
    pages = {319--322},
    publisher = {IEEE},
    url = {http://ieeexplore.ieee.org/document/1704086/},
    isbn = {0-7695-2555-5},
    doi = {10.1109/RE.2006.66}
}

@inproceedings{Wang2012TowardsThings,
    title = {{Towards unified heterogeneous event processing for the internet of things}},
    year = {2012},
    booktitle = {Proceedings of 2012 International Conference on the Internet of Things, IOT 2012},
    author = {Wang, Wei and Guo, Dong},
    isbn = {9781467313469},
    doi = {10.1109/IOT.2012.6402308},
    keywords = {Complex event processing, Internet of Things, stream query language, window specification}
}

@misc{ToyotaStudy,
    title = {{Toyota Tsusho Case Study}},
    url = {https://aws.amazon.com/solutions/case-studies/toyota-tsusho/}
}

@article{Grobauer2011UnderstandingVulnerabilities,
    title = {{Understanding Cloud Computing Vulnerabilities}},
    year = {2011},
    journal = {IEEE Security {\&} Privacy Magazine},
    author = {Grobauer, Bernd and Walloschek, Tobias and Stocker, Elmar},
    number = {2},
    month = {3},
    pages = {50--57},
    volume = {9},
    url = {http://ieeexplore.ieee.org/document/5487489/},
    doi = {10.1109/MSP.2010.115},
    issn = {1540-7993}
}

@incollection{Stigler2018UnderstandingComputing,
    title = {{Understanding Serverless Computing}},
    year = {2018},
    booktitle = {Beginning Serverless Computing},
    author = {Stigler, Maddie},
    pages = {1--14},
    publisher = {Apress},
    url = {http://link.springer.com/10.1007/978-1-4842-3084-8_1},
    address = {Berkeley, CA},
    doi = {10.1007/978-1-4842-3084-8{\_}1}
}

@article{Goodhue1995UnderstandingSystems,
    title = {{Understanding User Evaluations of Information Systems}},
    year = {1995},
    journal = {Management Science},
    author = {Goodhue, Dale L.},
    number = {12},
    month = {12},
    pages = {1827--1844},
    volume = {41},
    url = {http://pubsonline.informs.org/doi/abs/10.1287/mnsc.41.12.1827},
    doi = {10.1287/mnsc.41.12.1827},
    issn = {0025-1909}
}

@book{Nielsen1993UsabilityEngineering,
    title = {{Usability Engineering}},
    year = {1993},
    booktitle = {Usability Engineering},
    author = {Nielsen, Jakob},
    isbn = {0125184069},
    doi = {10.1145/1508044.1508050},
    issn = {10772626},
    pmid = {18369261},
    arxivId = {arXiv:1011.1669v3}
}

@article{DAmbra2004UseModel,
    title = {{Use of the World Wide Web for international travel: Integrating the construct of uncertainty in information seeking and the task-technology fit (TTF) model}},
    year = {2004},
    journal = {Journal of the American Society for Information Science and Technology},
    author = {D'Ambra, John and Wilson, Concepci�n S.},
    number = {8},
    month = {6},
    pages = {731--742},
    volume = {55},
    url = {http://doi.wiley.com/10.1002/asi.20017},
    doi = {10.1002/asi.20017},
    issn = {1532-2882}
}

@article{Davis1989UserModels,
    title = {{User Acceptance of Computer Technology: A Comparison of Two Theoretical Models}},
    year = {1989},
    journal = {Management Science},
    author = {Davis, Fred D. and Bagozzi, Richard P. and Warshaw, Paul R.},
    number = {8},
    month = {8},
    pages = {982--1003},
    volume = {35},
    url = {http://pubsonline.informs.org/doi/abs/10.1287/mnsc.35.8.982},
    doi = {10.1287/mnsc.35.8.982},
    issn = {0025-1909}
}

@article{Davis1989UserModelsb,
    title = {{User Acceptance of Computer Technology: A Comparison of Two Theoretical Models}},
    year = {1989},
    journal = {Management Science},
    author = {Davis, F. D. and Bagozzi, R. P. and Warshaw, P. R.},
    isbn = {0025-1909},
    doi = {10.1287/mnsc.35.8.982},
    issn = {0025-1909},
    pmid = {6698817},
    arxivId = {http://www.jstor.org/stable/2632151}
}

@article{Venkatesh2003UserView,
    title = {{User Acceptance of Information Technology: Toward a Unified View}},
    year = {2003},
    journal = {MIS Quarterly},
    author = {{Venkatesh} and {Morris} and {Davis} and {Davis}},
    number = {3},
    pages = {425},
    volume = {27},
    url = {http://www.jstor.org/stable/10.2307/30036540},
    doi = {10.2307/30036540},
    issn = {02767783}
}

@article{Venkatesh2003UserViewb,
    title = {{User Acceptance of Information Technology: Toward a unified view}},
    year = {2003},
    journal = {MIS Quarterly},
    author = {Venkatesh, Viswanath and Morris, Michael G and Davis, Gordon B and Davis, Fred D},
    isbn = {9788578110796},
    doi = {10.1017/CBO9781107415324.004},
    issn = {19454589},
    pmid = {25246403},
    arxivId = {arXiv:1011.1669v3}
}

@article{Larosiliere2016UsingMaturity,
    title = {{Using a Fit-Viability Approach to Explore the Determinants of E-Government Maturity}},
    year = {2016},
    journal = {Journal of Computer Information Systems},
    author = {Larosiliere, Gregory D. and Carter, Lemuria D.},
    number = {4},
    month = {10},
    pages = {271--279},
    volume = {56},
    publisher = {Taylor {\&} Francis},
    url = {http://www.tandfonline.com/doi/full/10.1080/08874417.2016.1163995},
    doi = {10.1080/08874417.2016.1163995},
    issn = {0887-4417},
    keywords = {E-government, e-participation, fit-viability, human capital, task-technology}
}

@article{Kelly2010UsingInvalidation,
    title = {{Using HTTP Link : Header for Gateway Cache Invalidation}},
    year = {2010},
    journal = {Network},
    author = {Kelly, Mike and Hausenblas, Michael and Park, I D A Business and Dangan, Lower}
}

@article{Akkermans2003Value-basedIdeas,
    title = {{Value-based requirements engineering: exploring innovative e-commerce ideas}},
    year = {2003},
    journal = {Requirements Engineering},
    author = {Akkermans, J.M. and Gordijn, Jaap},
    number = {2},
    month = {7},
    pages = {114--134},
    volume = {8},
    publisher = {Springer-Verlag},
    url = {http://link.springer.com/10.1007/s00766-003-0169-x},
    doi = {10.1007/s00766-003-0169-x},
    issn = {0947-3602}
}

@article{Pearce2013Virtualization,
    title = {{Virtualization}},
    year = {2013},
    journal = {ACM Computing Surveys},
    author = {Pearce, Michael and Zeadally, Sherali and Hunt, Ray},
    doi = {10.1145/2431211.2431216},
    issn = {03600300}
}

@misc{Douglis2013Virtualization,
    title = {{Virtualization}},
    year = {2013},
    booktitle = {IEEE Internet Computing},
    author = {Douglis, Fred and Krieger, Orran},
    isbn = {1089-7801},
    doi = {10.1109/MIC.2013.42},
    issn = {10897801},
    keywords = {VLAN, javascript, multiclouds, virtualization}
}

@inproceedings{Duller2011VirtualizingProcessing,
    title = {{Virtualizing stream processing}},
    year = {2011},
    booktitle = {Lecture Notes in Computer Science (including subseries Lecture Notes in Artificial Intelligence and Lecture Notes in Bioinformatics)},
    author = {Duller, Michael and Rellermeyer, Jan S. and Alonso, Gustavo and Tatbul, Nesime},
    pages = {269--288},
    volume = {7049 LNCS},
    isbn = {9783642258206},
    doi = {10.1007/978-3-642-25821-3{\_}14},
    issn = {03029743},
    keywords = {federation, stream processing, virtualization}
}

@inproceedings{Duller2011VirtualizingProcessingb,
    title = {{Virtualizing stream processing}},
    year = {2011},
    booktitle = {Lecture Notes in Computer Science (including subseries Lecture Notes in Artificial Intelligence and Lecture Notes in Bioinformatics)},
    author = {Duller, Michael and Rellermeyer, Jan S. and Alonso, Gustavo and Tatbul, Nesime},
    pages = {269--288},
    volume = {7049 LNCS},
    isbn = {9783642258206},
    doi = {10.1007/978-3-642-25821-3{\_}14},
    issn = {03029743},
    keywords = {federation, stream processing, virtualization}
}

@misc{ServerlessTeam2017WhyServerless,
    title = {{Why Serverless?}},
    year = {2017},
    author = {{Serverless Team}},
    url = {https://serverless.com/learn/}
}

@misc{Andreessen2011WhyWorld,
    title = {{Why Software Is Eating the World}},
    year = {2011},
    booktitle = {Wall Street Journal},
    author = {Andreessen, Marc},
    url = {https://a16z.com/2016/08/20/why-software-is-eating-the-world/}
}

@misc{Fromm2012WhyServerless,
    title = {{Why The Future Of Software And Apps Is Serverless}},
    year = {2012},
    booktitle = {ReadWrite},
    author = {Fromm, Ken},
    url = {http://readwrite.com/2012/10/15/why-the-future-of-software-and-apps-is-serverless/}
}

@article{Huber2015WieErmoglicht,
    title = {{Wie das Internet der Dinge neue Gesch{\"{a}}ftsmodelle erm{\"{o}}glicht}},
    year = {2015},
    journal = {HMD},
    author = {Huber, D and Kaiser, T and Huber, Daniel and Kaiser, Thomas},
    pages = {681--689},
    volume = {52},
    url = {https://link.springer.com.ezproxy.dhbw-mannheim.de/content/pdf/10.1365%2Fs40702-015-0169-6.pdf},
    doi = {10.1365/s40702-015-0169-6}
}

@misc{ServerlessJeff,
    title = {{“Serverless” is just a name. We could have called it “Jeff”}},
    url = {https://serverless.zone/serverless-is-just-a-name-we-could-have-called-it-jeff-1958dd4c63d7}
}